<collection xmlns="http://www.loc.gov/MARC21/slim"><record><leader>00788nam  2200265   450</leader><controlfield tag="001">547</controlfield><controlfield tag="003">http://montalegre.opacnet.com/OPAC/default.aspx?ContentAreaControl=ShowRegHoldings.ascx&amp;RegNo=16662</controlfield><datafield tag="010" ind1=" " ind2=" "><subfield code="a">972-695-173-9</subfield></datafield><datafield tag="021" ind1=" " ind2=" "><subfield code="a">PT</subfield><subfield code="b">61811/92</subfield></datafield><datafield tag="095" ind1=" " ind2=" "><subfield code="a">PTBN00421177</subfield></datafield><datafield tag="100" ind1=" " ind2=" "><subfield code="a">19930216d1992    em y0pory010305  ba</subfield></datafield><datafield tag="101" ind1="1" ind2=" "><subfield code="a">por</subfield><subfield code="c">fre</subfield></datafield><datafield tag="102" ind1=" " ind2=" "><subfield code="a">PT</subfield></datafield><datafield tag="105" ind1=" " ind2=" "><subfield code="a">y   z   000ay</subfield></datafield><datafield tag="106" ind1=" " ind2=" "><subfield code="a">r</subfield></datafield><datafield tag="200" ind1="1" ind2=" "><subfield code="a">&lt;A &gt;leitora</subfield><subfield code="f">Raymond Jean</subfield><subfield code="g">trad. Manuela Torres</subfield></datafield><datafield tag="210" ind1=" " ind2=" "><subfield code="a">Lisboa</subfield><subfield code="c">Teorema</subfield><subfield code="d">D.L. 1992</subfield></datafield><datafield tag="215" ind1=" " ind2=" "><subfield code="a">139 p.</subfield><subfield code="d">21 cm</subfield></datafield><datafield tag="225" ind1="2" ind2=" "><subfield code="a">Estórias</subfield><subfield code="v">52</subfield></datafield><datafield tag="304" ind1=" " ind2=" "><subfield code="a">Tít. orig. : La lectrice</subfield></datafield><datafield tag="675" ind1=" " ind2=" "><subfield code="a">840-31"19"</subfield><subfield code="v">BN</subfield><subfield code="z">por</subfield></datafield><datafield tag="700" ind1=" " ind2="1"><subfield code="a">Jean</subfield><subfield code="b">Raymond</subfield></datafield><datafield tag="702" ind1=" " ind2="1"><subfield code="a">Torres</subfield><subfield code="b">Manuela</subfield><subfield code="4">730</subfield></datafield><datafield tag="801" ind1=" " ind2="0"><subfield code="a">PT</subfield><subfield code="b">Biblioteca Municipal de Montalegre</subfield><subfield code="g">RPC</subfield></datafield><datafield tag="856" ind1=" " ind2=" "><subfield code="u">locateMedia.asp?cod=20060518111341&amp;ext=jpg</subfield><subfield code="z">CAPA</subfield></datafield><datafield tag="909" ind1="&#9;" ind2=" "><subfield code="a">1</subfield></datafield><datafield tag="966" ind1=" " ind2=" "><subfield code="a">0008654</subfield><subfield code="l">BMM</subfield><subfield code="s">SCG 821 JEA lei 52</subfield></datafield></record></collection>